%%
%% To add a new bibliographic item under emacs, type M-x bib TAB TAB.
%% This will give you a list of possible entry types.  Click on the one
%% you want using the middle mouse button to get a clean entry.
%%
%% The optional fields have OPT in front of them: delete the OPT if you
%% fill in the field.
%%
%% Use double curly brackets {{}} when you want to maintain your own
%% capitalisation, otherwise bibtex will follow its own rules.
%%

@inproceedings { moult1,
author	    = {Moult, John},
title	    = "A decade of CASP: progress, bottlenecks and prognosis in protein structure prediction",
booktitle   = "Current Opinion in Structural Biology",
volume	    = {15},
year        = { 2005},
pages       = {285–-289}
}			
@inproceedings { moult2,
author	    = {Moult, John and Hubbard, Tim and Fidelis, Krzysztof and Pedersen, Jan T.},
title	    = "Critical assessment of methods of protein structure prediction (CASP)--round IX",
booktitle   = "Proteins-structure Function and Bioinformatics - PROTEINS",
volume	    = {79},
year        = {2011},
pages       = {1--5}
}

@inproceedings { altschul,
author	    = {Altschul, Stephen F. and Madden, Thomas L. and Sch{\"a}ffer, Alejandro A. and Zhang, Jinghui and  Zhang, Zheng and Miller, Webb C. and Lipman, David J. },
title	    = "Gapped BLAST and PSI-BLAST: a new generation of protein database search programs",
booktitle   = "Nucleic Acids Research - NAR",
volume	    = {25},
number 	    = {17},
year        = { 1997},
pages       = {3389--3402}
}
@inproceedings { murzin,
author	    = { Murzin, Alexey G. and Brenner, Steven E. and Hubbard, Tim and Chothia, Cyrus},
title	    = "SCOP: A Structural Classification of Proteins Database for the Investigation of Sequences and Structures",
booktitle   = "Journal of Molecular Biology - J MOL BIOL",
volume	    = {247},
number 	    = {4},
year        = { 1995},
pages       = { 536--540}
}

@inproceedings { jones,
author	    = {Jones, David T.},
title	    = "Predicting novel protein folds by using FRAGFOLD",
booktitle   = "Proteins-structure Function and Bioinformatics - PROTEIN",
volume	    = {45},
number 	    = {S5},
year        = {2001},
pages       = {127--132}
}

@inproceedings { liam,
author	    = { Jones, David T. and McGuffin, Liam J.},
title	    = "Assembling novel protein folds from super-secondary structural fragments",
booktitle   = "Proteins-structure Function and Bioinformatics - PROTEINS",
volume	    = {53},
number 	    = {S6},
year        = {2003},
pages       = {480--485}
}

@inproceedings {simons,
author	    = { Simons, Kim T. and Bonneau, Rich and Ruczinski, Ingo and Baker, David},
title	    = "Ab initio protein structure prediction of CASP III targets using ROSETTA",
booktitle   = "Proteins-structure Function and Bioinformatics - PROTEINS",
volume	    = {37},
number 	    = {S3},
year        = {1999},
pages       = {171--176}
}
@inproceedings {bonneau,
author	    = { Bonneau, Richard and Tsai, Jerry and Ruczinski, Ingo and Chivian, Dylan and Rohl, Carol and Strauss, Charlie E. M. and Baker, David},
title	    = "Rosetta in CASP4: Progress in ab initio protein structure prediction",
booktitle   = "Proteins-structure Function and Bioinformatics - PROTEINS",
volume	    = {45},
number 	    = {S5},
year        = {2001},
pages       = {119--126}
}
@inproceedings {zemla,
author	    = { Zemla, Adam},
title	    = "LGA: A method for finding 3D similarities in protein structures",
booktitle   = "Nucleic Acids Research - NAR",
volume	    = {31},
number 	    = {13},
year        = {2003},
pages       = {3370--3374}
}
@inproceedings {kryshtafovych,
author	    = { Kryshtafovych A and Fidelis and Moult, John},
title	    = "CASP9 results compared to those of previous CASP experiments",
booktitle   = "Proteins-structure Function and Bioinformatics - PROTEINS",
volume	    = {79},
number 	    = {S10},
year        = {2011},
pages       = {196--207}
}
@inproceedings {mariani,
author	    = {Mariani, Valerio and Kiefer, Florian and Schmidt, Tobias and Haas, Juergen and Schwede, Torsten  },
title	    = "Assessment of template based protein structure predictions in CASP9",
booktitle   = "Proteins-structure Function and Bioinformatics - PROTEINS",
volume	    = {79},
number 	    = {S10},
year        = {2011},
pages       = {37–-58}
}
@inproceedings {morcos,
author	    = {Morcos, Faruck and Pagnani, Andrea and Lunt, Bryan and Bertolino, Arianna and Marks, Debora S. and Sander, Chris and Zecchina, Riccardo and Onuchic, Jose' N. and Hwa, Terence and Weigt, Martin },
title	    = "Direct-coupling analysis of residue coevolution captures native contacts across many protein families",
booktitle   = "National Academy of Sciences of the USA",
volume	    = {108},
year        = {2011},
pages       = {E1293–-E1301}
}

@inproceedings {marks,
author	    = { Marks, Debora S. and Colwell, Lucy J. and Sheridan, Robert and Hopf, Thomas A. and Pagnani, Andrea and Zecchina, Riccardo and Sander, Chris },
title	    = "Protein 3D Structure Computed from Evolutionary Sequence Variation",
booktitle   = "PLOS One",
volume	    = {6},
number 		= {12},
year        = {2011},
pages       = {E28766}
}
@inproceedings {jones2,
author	    = {Jones, D.T. and Buchan, D.W. and Cozzetto, D. and Pontil, M.},
title	    = "PSICOV: Precise structural contact prediction using sparse inverse covariance estimation on large multiple sequence alignments",
booktitle   = "Bioinformatics",
volume	    = {28},
year        = {2012},
pages       = {184--190}
}
@inproceedings {remmert,
author	    = { Remmert, Michael and Biegert, Andreas and Hauser, Andreas and S{\"o}ding, Johannes },
title	    = "HHblits: lightning-fast iterative protein sequence searching by HMM-HMM alignment",
booktitle   = "Nature Methods - NAT METHODS",
volume	    = {9},
number 		= {2},
year        = {2011},
pages       = {173--175}
}
@inproceedings {soding,
author	    = {S{\"o}ding, Johannes and Biegert, Andreas and Lupas, Andrei N. },
title	    = "The HHpred interactive server for protein homology detection and structure prediction",
booktitle   = "Nucleic Acids Research - NAR",
volume	    = {33},
number 		= {Web-Server},
year        = {2005},
pages       = {244--248}
}
@inproceedings {bradley,
author	    = {Bradley, Philip and Misura, Kira M. S. and Baker, David },
title	    = "Toward High-Resolution de Novo Structure Prediction for Small Proteins",
booktitle   = "Science",
volume	    = {309},
number 		= {5742},
year        = {2005},
pages       = {1868--1871}
}
@inproceedings {zemla2,
author	    = {Zemla, Adam},
title	    = "LGA: a method for finding 3D similarities in protein structures",
booktitle   = "Nucleic Acids Research - NAR",
volume	    = {31},
number 		= {13},
year        = {2003},
pages       = {3370--3374}
}
@inproceedings {dill,
author	    = {  Dill, Ken A. and Ozkan, S. Banu and Shell, M. Scott and Weikl, Thomas R. },
title	    = "The Protein Folding Problem",
booktitle   = "Annual Review of Biophysics",
volume	    = {37},
number 		= {1},
year        = {2008},
pages       = {289--316}
}
@article{allen2001blue,
  title={Blue Gene: a vision for protein science using a petaflop supercomputer},
  author={Allen, Frances and Almasi, G and Andreoni, Wanda and Beece, D and Berne, Bruce J. and Bright, A and Brunheroto, Jose and Cascaval, Calin and Castanos, J and Coteus, Paul and others},
  journal={IBM Systems Journal},
  volume={40},
  number={2},
  pages={310--327},
  year={2001},
  publisher={IBM}
}
@article{shirts2006screen,
  title={Screen savers of the world unite},
  author={Shirts, Michael and Pande, Vijay S and others},
  journal={COMPUTING},
  volume={10},
  pages={43},
  year={2006}
}
@article{snow2002absolute,
  title={Absolute comparison of simulated and experimental protein-folding dynamics},
  author={Snow, Christopher D and Nguyen, Houbi and Pande, Vijay S and Gruebele, Martin},
  journal={Nature},
  volume={420},
  number={6911},
  pages={102--106},
  year={2002},
  publisher={Nature Publishing Group}
}
@inproceedings{shaw2007anton,
  title={Anton, a special-purpose machine for molecular dynamics simulation},
  author={Shaw, David E and Deneroff, Martin M and Dror, Ron O and Kuskin, Jeffrey S and Larson, Richard H and Salmon, John K and Young, Cliff and Batson, Brannon and Bowers, Kevin J and Chao, Jack C and others},
  booktitle={ACM SIGARCH Computer Architecture News},
  volume={35},
  number={2},
  pages={1--12},
  year={2007},
  organization={ACM}
}
@article{mccamm0n1977dynamics,
  title={Dynamics of folded proteins},
  author={McCamm0n, J Andrew},
  journal={Nature},
  volume={267},
  pages={16},
  year={1977}
}
@article{shaw2010atomic,
  title={Atomic-level characterization of the structural dynamics of proteins},
  author={Shaw, David E and Maragakis, Paul and Lindorff-Larsen, Kresten and Piana, Stefano and Dror, Ron O and Eastwood, Michael P and Bank, Joseph A and Jumper, John M and Salmon, John K and Shan, Yibing and others},
  journal={Science},
  volume={330},
  number={6002},
  pages={341--346},
  year={2010},
  publisher={American Association for the Advancement of Science}
}
@article{chen2003protein,
  title={A protein--protein docking benchmark},
  author={Chen, Rong and Mintseris, Julian and Janin, Jo{\"e}l and Weng, Zhiping},
  journal={Proteins: Structure, Function, and Bioinformatics},
  volume={52},
  number={1},
  pages={88--91},
  year={2003},
  publisher={Wiley Online Library}
}
@article{guthrie2009blind,
  title={A blind challenge for computational solvation free energies: introduction and overview},
  author={Guthrie, J Peter},
  journal={The Journal of Physical Chemistry B},
  volume={113},
  number={14},
  pages={4501--4507},
  year={2009},
  publisher={ACS Publications}
}
@article{michino2009community,
  title={Community-wide assessment of GPCR structure modelling and ligand docking: GPCR Dock 2008},
  author={Michino, Mayako and Abola, Enrique and Dock, GPCR and others},
  journal={Nature Reviews Drug Discovery},
  volume={8},
  number={6},
  pages={455--463},
  year={2009},
  publisher={Nature Publishing Group}
}
@article{cooper2010predicting,
  title={Predicting protein structures with a multiplayer online game},
  author={Cooper, Seth and Khatib, Firas and Treuille, Adrien and Barbero, Janos and Lee, Jeehyung and Beenen, Michael and Leaver-Fay, Andrew and Baker, David and Popovi{\'c}, Zoran and others},
  journal={Nature},
  volume={466},
  number={7307},
  pages={756--760},
  year={2010},
  publisher={Nature Publishing Group}
}
@article{fleishman2011computational,
  title={Computational design of proteins targeting the conserved stem region of influenza hemagglutinin},
  author={Fleishman, Sarel J and Whitehead, Timothy A and Ekiert, Damian C and Dreyfus, Cyrille and Corn, Jacob E and Strauch, Eva-Maria and Wilson, Ian A and Baker, David},
  journal={Science},
  volume={332},
  number={6031},
  pages={816--821},
  year={2011},
  publisher={American Association for the Advancement of Science}
}
@article{kuhlman2003design,
  title={Design of a novel globular protein fold with atomic-level accuracy},
  author={Kuhlman, Brian and Dantas, Gautam and Ireton, Gregory C and Varani, Gabriele and Stoddard, Barry L and Baker, David},
  journal={Science},
  volume={302},
  number={5649},
  pages={1364--1368},
  year={2003},
  publisher={American Association for the Advancement of Science}
}
@article{siegel2010computational,
  title={Computational design of an enzyme catalyst for a stereoselective bimolecular Diels-Alder reaction},
  author={Siegel, Justin B and Zanghellini, Alexandre and Lovick, Helena M and Kiss, Gert and Lambert, Abigail R and Clair, Jennifer L St and Gallaher, Jasmine L and Hilvert, Donald and Gelb, Michael H and Stoddard, Barry L and others},
  journal={Science},
  volume={329},
  number={5989},
  pages={309--313},
  year={2010},
  publisher={American Association for the Advancement of Science}
}
@article{azoitei2011computation,
  title={Computation-guided backbone grafting of a discontinuous motif onto a protein scaffold},
  author={Azoitei, Mihai L and Correia, Bruno E and Ban, Yih-En Andrew and Carrico, Chris and Kalyuzhniy, Oleksandr and Chen, Lei and Schroeter, Alexandria and Huang, Po-Ssu and McLellan, Jason S and Kwong, Peter D and others},
  journal={Science},
  volume={334},
  number={6054},
  pages={373--376},
  year={2011},
  publisher={American Association for the Advancement of Science}
}
@article{gellman1998foldamers,
  title={Foldamers: a manifesto},
  author={Gellman, Samuel H},
  journal={Accounts of Chemical Research},
  volume={31},
  number={4},
  pages={173--180},
  year={1998},
  publisher={ACS Publications}
}
@article{horne2008foldamers,
  title={Foldamers with heterogeneous backbones},
  author={Horne, W Seth and Gellman, Samuel H},
  journal={Accounts of chemical research},
  volume={41},
  number={10},
  pages={1399--1408},
  year={2008},
  publisher={ACS Publications}
}
@article{kirshenbaum1999designing,
  title={Designing polymers that mimic biomolecules},
  author={Kirshenbaum, Kent and Zuckermann, Ronald N and Dill, Ken A},
  journal={Current opinion in structural biology},
  volume={9},
  number={4},
  pages={530--535},
  year={1999},
  publisher={Elsevier}
}
@article{lee2005folding,
  title={Folding a nonbiological polymer into a compact multihelical structure},
  author={Lee, Byoung-Chul and Zuckermann, Ronald N and Dill, Ken A},
  journal={Journal of the American Chemical Society},
  volume={127},
  number={31},
  pages={10999--11009},
  year={2005},
  publisher={ACS Publications}
}
@article{fowler2009structure,
  title={Structure--function relationships in peptoids: recent advances toward deciphering the structural requirements for biological function},
  author={Fowler, Sarah A and Blackwell, Helen E},
  journal={Organic \& biomolecular chemistry},
  volume={7},
  number={8},
  pages={1508--1524},
  year={2009},
  publisher={Royal Society of Chemistry}
}
@article{lee2008biomimetic,
  title={Biomimetic nanostructures: Creating a high-affinity zinc-binding site in a folded nonbiological polymer},
  author={Lee, Byoung-Chul and Chu, Tammy K and Dill, Ken A and Zuckermann, Ronald N},
  journal={Journal of the American Chemical Society},
  volume={130},
  number={27},
  pages={8847--8855},
  year={2008},
  publisher={ACS Publications}
}
@article{shah2008photoresponsive,
  title={Photoresponsive peptoid oligomers bearing azobenzene side chains},
  author={Shah, Neel H and Kirshenbaum, Kent},
  journal={Org. Biomol. Chem.},
  volume={6},
  number={14},
  pages={2516--2521},
  year={2008},
  publisher={The Royal Society of Chemistry}
}
@article{nam2010free,
  title={Free-floating ultrathin two-dimensional crystals from sequence-specific peptoid polymers},
  author={Nam, Ki Tae and Shelby, Sarah A and Choi, Philip H and Marciel, Amanda B and Chen, Ritchie and Tan, Li and Chu, Tammy K and Mesch, Ryan A and Lee, Byoung-Chul and Connolly, Michael D and others},
  journal={Nature materials},
  volume={9},
  number={5},
  pages={454--460},
  year={2010},
  publisher={Nature Publishing Group}
}
@article{wagner1983new,
  title={New naturally occurring amino acids},
  author={Wagner, Ingrid and Musso, Hans},
  journal={Angewandte Chemie International Edition in English},
  volume={22},
  number={11},
  pages={816--828},
  year={1983},
  publisher={Wiley Online Library}
}
@article{pal2002residues,
  title={On residues in the disallowed region of the Ramachandran map},
  author={Pal, Debnath and Chakrabarti, Pinak},
  journal={Biopolymers},
  volume={63},
  number={3},
  pages={195--206},
  year={2002},
  publisher={Wiley Online Library}
}
@article{berman2000protein,
  title={The protein data bank},
  author={Berman, Helen M and Westbrook, John and Feng, Zukang and Gilliland, Gary and Bhat, TN and Weissig, Helge and Shindyalov, Ilya N and Bourne, Philip E},
  journal={Nucleic acids research},
  volume={28},
  number={1},
  pages={235--242},
  year={2000},
  publisher={Oxford Univ Press}
}
@article{ghosh2007dynamics,
  title={Dynamics of lysozyme structure network: probing the process of unfolding},
  author={Ghosh, Amit and Brinda, KV and Vishveshwara, Saraswathi},
  journal={Biophysical journal},
  volume={92},
  number={7},
  pages={2523--2535},
  year={2007},
  publisher={Elsevier}
}
@inproceedings{gaci2009small,
  title={The small-world model for amino acid interaction networks},
  author={Gaci, Omar and Balev, Stefan},
  booktitle={Advanced Information Networking and Applications Workshops, 2009. WAINA'09. International Conference on},
  pages={902--907},
  year={2009},
  organization={IEEE}
}
@article{muppirala2006simple,
  title={A simple approach for protein structure discrimination based on the network pattern of conserved hydrophobic residues},
  author={Muppirala, Usha K and Li, Zhijun},
  journal={Protein Engineering Design and Selection},
  volume={19},
  number={6},
  pages={265--275},
  year={2006},
  publisher={Oxford Univ Press}
}
@article{brinda2005network,
  title={A network representation of protein structures: implications for protein stability},
  author={Brinda, KV and Vishveshwara, Saraswathi},
  journal={Biophysical journal},
  volume={89},
  number={6},
  pages={4159--4170},
  year={2005},
  publisher={Elsevier}
}

@inproceedings{gaci2010,
  author    = {O. Gaci},
  title     = {How to Fold Amino Acid Interaction Networks by Computational Intelligence Methods},
  booktitle = {BioInformatics and BioEngineering (BIBE), 2010 IEEE International Conference on},
  year      = {2010},
  pages     = {150 -- 155},
}
@inproceedings { Pennisi,
author	    = { E. Pennisi},
title	    = { A low number wins the GeneSweep pool},
booktitle   = { Science},
volume	    = {300},
number 	    = {5625},
year        = { 2003},
pages       = {1484}
}
@inproceedings { jain,
author	    = { A. K. Jain, M.N. Murty and P.J. Flynn},
title	    = { {Data Clustering }},
booktitle   = { {ACM Comuting Surveys}},
volume	    = {31},
number 	    = {3},
year        = { 1999},
pages       = {264--296}
}
@inproceedings{chakrabarti,
  author    = {Deepayan Chakrabarti and
               Ravi Kumar and
               Andrew Tomkins},
  title     = {Evolutionary Clustering},
  booktitle = {KDD},
  year      = {2006},
  pages     = {554--560},
  ee        = {http://doi.acm.org/10.1145/1150402.1150467},
  crossref  = {DBLP:conf/kdd/2006},
  bibsource = {DBLP, http://dblp.uni-trier.de}
}
@inproceedings{Dokholyan,
  author    = {N. V. Dokholyan, L. Li and F. Ding and E. I. Shakhnovich},
  title     = {Topological determinants of protein folding},
  booktitle = {Proceedings of the National Academy of Sciences of the United States of America},
  year      = {2002},
  volume	= {99},
  number 	= {13},
  pages     = {8637–-8641}
  
}
@proceedings{DBLP:conf/kdd/2006,
title     = {Proceedings of the Twelfth ACM SIGKDD International Conference
               on Knowledge Discovery and Data Mining, Philadelphia, PA,
               USA, August 20-23, 2006},
  editor    = {Tina Eliassi-Rad and
               Lyle H. Ungar and
               Mark Craven and
               Dimitrios Gunopulos},
  
  booktitle = {KDD},
  publisher = {ACM},
  year      = {2006},
  isbn      = {1-59593-339-5},
  bibsource = {DBLP, http://dblp.uni-trier.de}
}

@inproceedings{kevin,
  author    = {Kevin S. Xu and
               Mark Kliger and
               Alfred O. Hero III},
  title     = {Evolutionary spectral clustering with adaptive forgetting
               factor},
  booktitle = {ICASSP},
  year      = {2010},
  pages     = {2174--2177},
  ee        = {http://dx.doi.org/10.1109/ICASSP.2010.5495655},
  crossref  = {DBLP:conf/icassp/2010},
  bibsource = {DBLP, http://dblp.uni-trier.de}
}
@proceedings{DBLP:conf/icassp/2010,
  title     = {Proceedings of the IEEE International Conference on Acoustics,
               Speech, and Signal Processing, ICASSP 2010, 14-19 March
               2010, Sheraton Dallas Hotel, Dallas, Texas, USA},
  booktitle = {ICASSP},
  publisher = {IEEE},
  year      = {2010},
  isbn      = {978-1-4244-4296-6},
  bibsource = {DBLP, http://dblp.uni-trier.de}
}

@inproceedings{kevin2,
  author    = {Kevin S. Xu and
               Mark Kliger and
               Alfred O. Hero},
  title     = {Tracking Communities in Dynamic Social Networks},
  booktitle = {SBP},
  year      = {2011},
  pages     = {219--226},
  ee        = {http://dx.doi.org/10.1007/978-3-642-19656-0_32},
  crossref  = {DBLP:conf/sbp/2011},
  bibsource = {DBLP, http://dblp.uni-trier.de}
}
@proceedings{DBLP:conf/sbp/2011,
  editor    = {John J. Salerno and
               Shanchieh Jay Yang and
               Dana S. Nau and
               Sun-Ki Chai},
  title     = {Social Computing, Behavioral-Cultural Modeling and Prediction
               - 4th International Conference, SBP 2011, College Park,
               MD, USA, March 29-31, 2011. Proceedings},
  booktitle = {SBP},
  publisher = {Springer},
  series    = {Lecture Notes in Computer Science},
  volume    = {6589},
  year      = {2011},
  isbn      = {978-3-642-19655-3},
  ee        = {http://dx.doi.org/10.1007/978-3-642-19656-0},
  bibsource = {DBLP, http://dblp.uni-trier.de}
}


@InProceedings{spea2,
  author = 	 {Eckart Zitzler, Marco Laumanns and Lothar Thiele},
  title = 	 {{SPEA2: Improving the Strength Pareto Evolutionary Algorithm}},
  OPTbooktitle = 	 {},
  OPTcrossref =  {},
  OPTkey = 	 {},
  OPTeditor = 	 {},
  OPTvolume = 	 {},
  OPTnumber = 	 {},
  OPTseries = 	 {},
  year = 	 {2001},
  OPTorganization = {{Swiss Federal Institute Techonology}},
  OPTpublisher = {},
  address = 	 {Zurich, Switzerland},
  OPTmonth = 	 {},
  OPTpages = 	 {},
  OPTnote = 	 {},
  OPTannote = 	 {}
}

@InProceedings{dynmoga1,
  author = 	 {S. Asur, S. Parthasarathy and D. Ucar},
  title = 	 {{An event-based framwork for characterizing the evolutionary behavior of interaction graphs}},
  booktitle = 	 {{ACM Transaction on Knowledge Discovery from Data}},
  OPTcrossref =  {},
  OPTkey = 	 {},
  OPTeditor = 	 {},
  volume = 	 {3},
  OPTnumber = 	 {},
  series = 	 {16},
  year = 	 {2006},
  OPTorganization = {},
  publisher      = {ACM},
  OPTaddress = 	 {},
  OPTmonth = 	 {},
  pages = 	 {554--560},
  OPTnote = 	 {},
  OPTannote = 	 {}
}
@inproceedings{green,
  author    = {Derek Greene and
               D{\'o}nal Doyle and
               Padraig Cunningham},
  title     = {Tracking the Evolution of Communities in Dynamic Social
               Networks},
  booktitle = {ASONAM},
  year      = {2010},
  pages     = {176--183},
  ee        = {http://doi.ieeecomputersociety.org/10.1109/ASONAM.2010.17},
  crossref  = {DBLP:conf/asunam/2010},
  bibsource = {DBLP, http://dblp.uni-trier.de}
}
@proceedings{DBLP:conf/asunam/2010,
  editor    = {Nasrullah Memon and
               Reda Alhajj},
  title     = {International Conference on Advances in Social Networks
               Analysis and Mining, ASONAM 2010, Odense, Denmark, August
               9-11, 2010},
  booktitle = {ASONAM},
  publisher = {IEEE Computer Society},
  year      = {2010},
  isbn      = {978-0-7695-4138-9},
  bibsource = {DBLP, http://dblp.uni-trier.de}
}
@InProceedings{dynmoga3,
  author = 	 {Y. Chi and D. Zhou and X. Song and K. Hino and B.L. Tseng},
  title = 	 {{Evolutionary spectral clustering by incorporating temporal smoothness}},
  booktitle = 	 {Proc. of the International Conference on Knowledge Discovery and Data Mining, (KDD'07)},
  OPTjournal	={ },
  OPTcrossref =  {},
  OPTkey = 	 {},
  OPTeditor = 	 {},
  OPTvolume = 	 {},
  OPTnumber = 	 {},
  OPTseries = 	 {},
  year = 	 {2007},
  OPTorganization = {},
  OPTpublisher = {},
  OPTaddress = 	 {},
  OPTmonth = 	 {},
  pages = 	 {153--162},
  OPTnote = 	 {},
  OPTannote = 	 {}
}
@InProceedings{dynmoga4,
  author = 	 {C. A. Coello Coello and G. B. Lamont and D. A. Van Veldhuizen},
  title = 	 {{Evolutionary Algorithms for Solving Multi-Objective Problems}},
  OPTbooktitle = 	 {},
  OPTjournal	={ },
  OPTcrossref =  {},
  OPTkey = 	 {},
  OPTeditor = 	 {},
  OPTvolume = 	 {},
  OPTnumber = 	 {},
  OPTseries = 	 {},
  year = 	 {2007},
  OPTorganization = {},
  publisher = {Springer},
  OPTaddress = 	 {},
  OPTmonth = 	 {},
  pages = 	 {},
  OPTnote = 	 {},
  OPTannote = 	 {}
}

@InProceedings{dynmoga7,
  author = 	 {C. A. Coello Coello and G. B. Lamont and D. A. Van Veldhuizen},
  title = 	 {{Evolutionary Algorithms for Solving Multi-Objective Problems}},
  OPTbooktitle = 	 {},
  OPTjournal	={ },
  OPTcrossref =  {},
  OPTkey = 	 {},
  OPTeditor = 	 {},
  OPTvolume = 	 {},
  OPTnumber = 	 {},
  OPTseries = 	 {},
  year = 	 {2007},
  OPTorganization = {},
  publisher = {Springer},
  OPTaddress = 	 {},
  OPTmonth = 	 {},
  pages = 	 {},
  OPTnote = 	 {},
  OPTannote = 	 {}
}

@InProceedings{dynmoga9,
  author = 	 {M. Ehrgott},
  title = 	 {{Multicriteria Optimization}},
  OPTbooktitle = 	 {Proc. of the International Conference on Very Large Databases,(VLDB'09)},
  OPTjournal	={ },
  OPTcrossref =  {},
  OPTkey = 	 {},
  OPTeditor = 	 {},
  OPTvolume = 	 {},
  OPTnumber = 	 {},
  OPTseries = 	 {},
  year = 	 {2005},
  OPTorganization = {},
  publisher = {Springer},
  address = 	 {Berlin,Germany},
  OPTmonth = 	 {},
  OPTpages = 	 {153--13},
  OPTnote = 	 {},
  OPTannote = 	 {}
}
@InProceedings{dynmoga12,
  author = 	 {M. Kim and J. Han},
  title = 	 {{A particle-and-density based evolutionary clustering method for dynamic networks}},
  booktitle = 	 {Proc. of the International Conference on Very Large Databases,(VLDB'09)},
  OPTjournal	={ },
  OPTcrossref =  {},
  OPTkey = 	 {},
  OPTeditor = 	 {},
  OPTvolume = 	 {},
  OPTnumber = 	 {},
  OPTseries = 	 {},
  year = 	 {2009},
  OPTorganization = {},
  OPTpublisher = {},
  OPTaddress = 	 {},
  OPTmonth = 	 {},
  OPTpages = 	 {153--162},
  OPTnote = 	 {},
  OPTannote = 	 {}
}

@InProceedings{dynmoga13,
  author = 	 {R. Kumar, J. Novak and A. Tomkins},
  title = 	 {{Structure and evolution of online social networks}},
  booktitle = 	 {Proc. of the International Conference on Knowledge Discovery and Data Mining, (KDD'06)},
  OPTjournal	={ },
  OPTcrossref =  {},
  OPTkey = 	 {},
  OPTeditor = 	 {},
  OPTvolume = 	 {},
  OPTnumber = 	 {},
  OPTseries = 	 {},
  year = 	 {2006},
  OPTorganization = {},
  OPTpublisher = {},
  OPTaddress = 	 {},
  OPTmonth = 	 {},
  pages = 	 {611--717},
  OPTnote = 	 {},
  OPTannote = 	 {}
}

@InProceedings{dynmoga14,
  author = 	 {L. Leskovec, J. Kleinberg and C. Faloutsos},
  title = 	 {{Graphs over time: densification laws, shrinking diameters and possible explanations}},
  booktitle = 	 {Proc. of the International Conference on Knowledge Discovery and Data Mining, (KDD'05)},
  OPTjournal	={ },
  OPTcrossref =  {},
  OPTkey = 	 {},
  OPTeditor = 	 {},
  OPTvolume = 	 {},
  OPTnumber = 	 {},
  OPTseries = 	 {},
  year = 	 {2005},
  OPTorganization = {},
  OPTpublisher = {},
  OPTaddress = 	 {},
  OPTmonth = 	 {},
  pages = 	 {177--187},
  OPTnote = 	 {},
  OPTannote = 	 {}
}

@InProceedings{dynmoga15,
  author = 	 {Yu-Ru Lin and Shenghuo Zhu and Hari Sundaram and Belle L. Tseng},
  title = 	 {Facetnet: A framework for analyzing communities and their evolutions in dynamic networks},
  booktitle = 	 {Proc. of the International World Wide Web Conference (WWW'08)},
  OPTcrossref =  {},
  OPTkey = 	 {},
  OPTeditor = 	 {},
  OPTvolume = 	 {},
  OPTnumber = 	 {},
  OPTseries = 	 {},
  year = 	 {2008},
  OPTorganization = {},
  OPTpublisher = {},
  OPTaddress = 	 {},
  OPTmonth = 	 {},
  pages = 	 {685--694},
  OPTnote = 	 {},
  OPTannote = 	 {}
}
@InProceedings{dynmoga16,
  author = 	 {M.E.J. Newman and M. Girvan},
  title = 	 {Finding and evaluating community structure in networks},
  OPTbooktitle = 	 {},
  OPTcrossref =  {},
  OPTkey = 	 {},
  OPTeditor = 	 {},
  OPTvolume = 	 {},
  OPTnumber = 	 {},
  OPTseries = 	 {},
  year = 	 {2004},
  OPTorganization = {},
  OPTpublisher = {},
  OPTaddress = 	 {},
  OPTmonth = 	 {},
  OPTpages = 	 {685--694},
  OPTnote = 	 {},
  OPTannote = 	 {}
}

@InProceedings{dynmoga17,
  author = 	 {G. Palla, A.L. Barabasi and T. Vicsek},
  title = 	 {Quantifying social group evolution},
  OPTbooktitle = {},
  OPTcrossref =  {},
  OPTkey = 	 {},
  OPTeditor = 	 {},
  OPTvolume = 	 {},
  OPTnumber = 	 {},
  OPTseries = 	 {},
  year = 	 {2007},
  OPTorganization = {},
  OPTpublisher = {},
  OPTaddress = 	 {},
  OPTmonth = 	 {},
  OPTpages = 	 {221--23},
  OPTnote = 	 {},
  OPTannote = 	 {}
}
@InProceedings{dynmoga18,
  author = 	 {Y.J. Park and M.S. Song},
  title = 	 {A genetic algorithm for clustering problems},
  booktitle = {Proc. of 3rd Annual Conference on Genetic Algorithm},
  OPTcrossref =  {},
  OPTkey = 	 {},
  OPTeditor = 	 {},
  OPTvolume = 	 {},
  OPTnumber = 	 {},
  OPTseries = 	 {},
  year = 	 {1989},
  OPTorganization = {},
  OPTpublisher = {},
  OPTaddress = 	 {},
  OPTmonth = 	 {},
  pages = 	 {2--9},
  OPTnote = 	 {},
  OPTannote = 	 {}
}
@InProceedings{dynmoga19,
  author = 	 {Clara Pizzuti},
  title = 	 {Ga-net: a genetic algorithm for community detection in social networks},
  booktitle = {Proc. of 10th International Conference on Parallel Problem Solving from Nature},
  OPTcrossref =  {},
  OPTkey = 	 {},
  OPTeditor = 	 {},
  OPTvolume = 	 {},
  OPTnumber = 	 {},
  OPTseries = 	 {},
  year = 	 {2008},
  OPTorganization = {},
  OPTpublisher = {},
  OPTaddress = 	 {},
  OPTmonth = 	 {},
  pages = 	 {1081--1090},
  OPTnote = 	 {},
  OPTannote = 	 {}
}
@InProceedings{dynmoga21,
  author = 	 {Clara Pizzuti},
  title = 	 {A multi-objective genetic algorithm for community detection in networks},
  booktitle = 	 {Proc. of the 121st IEEE International Conference on Tools with Artificial Intelligence (ICTAI 2009)},
  OPTcrossref =  {},
  OPTkey = 	 {},
  OPTeditor = 	 {},
  OPTvolume = 	 {},
  OPTnumber = 	 {},
  OPTseries = 	 {},
  year = 	 {2009},
  OPTorganization = {},
  OPTpublisher = {},
  OPTaddress = 	 {},
  OPTmonth = 	 {},
  pages = 	 {379--386},
  OPTnote = 	 {},
  OPTannote = 	 {}
}
@InProceedings{dynmoga23,
  author = 	 {J. Sun, C. Faloutsos, S. Papadimitriou and P.S. Yu},
  title = 	 {Graphscope:parameter-free of large time evolving-graphs},
  booktitle = 	 {Proc. International Conference on Knowledge Discovery and Data Mining (KDD’05)},
  OPTcrossref =  {},
  OPTkey = 	 {},
  OPTeditor = 	 {},
  OPTvolume = 	 {},
  OPTnumber = 	 {},
  OPTseries = 	 {},
  year = 	 {2005},
  OPTorganization = {},
  OPTpublisher = {},
  OPTaddress = 	 {},
  OPTmonth = 	 {},
  pages = 	 {687--696},
  OPTnote = 	 {},
  OPTannote = 	 {}
}
@InProceedings{dynmoga24,
  author = 	 {L. Tang, H. Liu, J. Zhang and Z. Nazeri},
  title = 	 {Community evolution in dynamic multi-mode networks},
  booktitle = 	 {Proc. International Conference on Knowledge Discovery and Data Mining (KDD’07)},
  OPTcrossref =  {},
  OPTkey = 	 {},
  OPTeditor = 	 {},
  OPTvolume = 	 {},
  OPTnumber = 	 {},
  OPTseries = 	 {},
  year = 	 {2007},
  OPTorganization = {},
  OPTpublisher = {},
  OPTaddress = 	 {},
  OPTmonth = 	 {},
  pages = 	 {677--685},
  OPTnote = 	 {},
  OPTannote = 	 {}
}
@InProceedings{dynmoga25,
  author = 	 {T. Xu, Z. Zhang, P. S. Yu and Bo Long},
  title = 	 {Dirichlet process based evolutionary clustering},
  booktitle = 	 {Proc. of the 8th IEEE International Conference on Data Mining (ICDM’08)},
  OPTcrossref =  {},
  OPTkey = 	 {},
  OPTeditor = 	 {},
  OPTvolume = 	 {},
  OPTnumber = 	 {},
  OPTseries = 	 {},
  year = 	 {2008},
  OPTorganization = {},
  OPTpublisher = {},
  OPTaddress = 	 {},
  OPTmonth = 	 {},
  pages = 	 {648--657},
  OPTnote = 	 {},
  OPTannote = 	 {}
}
@InProceedings{vega,
  author = 	 {Schaffer JD},
  title = 	 {Multiple objective optimization with vector evaluated genetic algorithms},
  booktitle = 	 {Proc. of the international conference on genetic algorithm and their applications},
  OPTcrossref =  {},
  OPTkey = 	 {},
  OPTeditor = 	 {},
  OPTvolume = 	 {},
  OPTnumber = 	 {},
  OPTseries = 	 {},
  year = 	 {1985},
  OPTorganization = {},
  OPTpublisher = {},
  OPTaddress = 	 {},
  OPTmonth = 	 {},
  OPTpages = 	 {},
  OPTnote = 	 {},
  OPTannote = 	 {}
}
@InProceedings{dynmoga26,
  author = 	 {T. Xu, Z. Zhang, P. S. Yu and Bo Long},
  title = 	 {Evolutionary clustering by hierarchical dirichlet process with hidden markov state},
  booktitle = 	 {Proc. of the 8th IEEE International Conference on Data Mining (ICDM’08)},
  OPTcrossref =  {},
  OPTkey = 	 {},
  OPTeditor = 	 {},
  OPTvolume = 	 {},
  OPTnumber = 	 {},
  OPTseries = 	 {},
  year = 	 {2008},
  OPTorganization = {},
  OPTpublisher = {},
  OPTaddress = 	 {},
  OPTmonth = 	 {},
  pages = 	 {658--667},
  OPTnote = 	 {},
  OPTannote = 	 {}
}
@InProceedings{dynmoga,
  author = 	 {Francesco Folino and Clara Pizzuti},
  title = 	 {A Multiobjective and Evolutionary Clustering Method for Dynamic Networks},
  OPTbooktitle = 	 {},
  OPTcrossref =  {},
  OPTkey = 	 {},
  OPTeditor = 	 {},
  OPTvolume = 	 {},
  OPTnumber = 	 {},
  OPTseries = 	 {},
  year = 	 {2010},
  organization = {Institute for High Performance Computing and Networking (ICAR) and Italian National Research Council},
  OPTpublisher = {},
  OPTaddress = 	 {Italy},
  OPTmonth = 	 {},
  OPTpages = 	 {221--231},
  OPTnote = 	 {},
  OPTannote = 	 {}
}
@InProceedings{gen3,
  author = 	 {Goldberg DE},
  title = 	 {Genetic algorithms in search, optimization, and machine learning},
  booktitle = 	 {},
  OPTcrossref =  {},
  OPTkey = 	 {},
  OPTeditor = 	 {},
  OPTvolume = 	 {},
  OPTnumber = 	 {},
  OPTseries = 	 {},
  year = 	 {1989},
  OPTorganization = {},
  publisher = {Addison-Wesley},
  OPTaddress = 	 {},
  OPTmonth = 	 {},
  OPTpages = 	 {221--231},
  OPTnote = 	 {},
  OPTannote = 	 {}
}
@InProceedings{stateart,
  author = 	 {Van Veldhuizen DA and Lamont GB},
  title = 	 {Multiobjective evolutionary algorithms: analyzing the state-of-art},
  OPTbooktitle = 	 {},
  OPTcrossref =  {},
  OPTkey = 	 {},
  OPTeditor = 	 {},
  OPTvolume = 	 {},
  OPTnumber = 	 {},
  OPTseries = 	 {},
  year = 	 {2000},
  OPTorganization = {},
  OPTpublisher = {Addison-Wesley},
  OPTaddress = 	 {},
  OPTmonth = 	 {},
  pages = 	 {125--147},
  OPTnote = 	 {},
  OPTannote = 	 {}
}
@InProceedings{pesa,
  author = 	 {Corne DW and Knowles JD and Oates MJ},
  title = 	 {The Pareto envelope-based selection algorithm for multiobjective optimization},
  
  booktitle = 	 {Proc. of 6th international conferennce on parallel problem solving from Nature},
  OPTcrossref =  {},
  OPTkey = 	 {},
  OPTeditor = 	 {},
  OPTvolume = 	 {},
  OPTnumber = 	 {},
  OPTseries = 	 {},
  year = 	 {2000},
  OPTorganization = {},
  publisher = {Springer},
  address = 	 {Paris,France},
  month = 	 {September},
  OPTpages = 	 {257--271},
  OPTnote = 	 {},
  OPTannote = 	 {}
}
@InProceedings{deb,
  author = 	 {Deb K},
  title = 	 {Multi-objective optimization using evolutionary algorithms},
  
  OPTbooktitle = 	 {Proc. of 6th international conferennce on parallel problem solving from Nature},
  OPTcrossref =  {},
  OPTkey = 	 {},
  OPTeditor = 	 {},
  OPTvolume = 	 {},
  OPTnumber = 	 {},
  OPTseries = 	 {},
  year = 	 {2001},
  OPTorganization = {},
  publisher = {Willey},
  address = 	 {NewYork,USA},
  OPTmonth = 	 {September},
  OPTpages = 	 {257--271},
  OPTnote = 	 {},
  OPTannote = 	 {}
}
@InProceedings{npga,
  author = 	 {Horn J, Nafpliotis N and Goldberg DE},
  title = 	 {A niched Pareto genetic algorithm for multiobjective optimization},
  booktitle = 	 {Proc. of the first IEEE conference on evolutionary computation. IEEE world congress on computational intelligence},
  journal = "IEEE",
  OPTcrossref =  {},
  OPTkey = 	 {},
  OPTeditor = 	 {},
  OPTvolume = 	 {},
  OPTnumber = 	 {},
  OPTseries = 	 {},
  year = 	 {1994},
  OPTorganization = {},
  OPTpublisher = {},
  address = 	 {Orlando, FL, USA},
  month = 	 {June},
  OPTpages = 	 {221--231},
  OPTnote = 	 {},
  OPTannote = 	 {}
}
@InProceedings{reduce,
  author = 	 {Jensen MT},
  title = 	 {Reducing the run-time complexity of multiobjective EAs: the NSGA-II and other algorithms},
  OPTbooktitle = {},
  journal = "IEEE",
  OPTcrossref =  {},
  OPTkey = 	 {},
  OPTeditor = 	 {},
  OPTvolume = 	 {},
  OPTnumber = 	 {},
  OPTseries = 	 {},
  year = 	 {2003},
  OPTorganization = {},
  OPTpublisher = {},
  OPTaddress = 	 {},
  OPTmonth = 	 {June},
  pages = 	 {503--515},
  OPTnote = 	 {},
  OPTannote = 	 {}
}
@InProceedings{moga,
  author = 	 {Fonseca CM and Fleming PJ},
  title = 	 {Multiobjective genetic algorithms.},
  
  booktitle = 	 {IEE colloquium on 'Genetic Algorithms for Control Systems Engineering'},
  OPTcrossref =  {},
  OPTkey = 	 {},
  OPTeditor = 	 {},
  OPTvolume = 	 {},
  OPTnumber = 	 {},
  OPTseries = 	 {},
  year = 	 {1993},
  OPTorganization = {},
  OPTpublisher = {},
  address = 	 {London,UK},
  month = 	 {May},
  OPTpages = 	 {257--271},
  OPTnote = 	 {},
  OPTannote = 	 {}
}

@InProceedings{nsga,
  author = 	 {Srinivas N. and Deb K.},
  title = 	 {Multiobjective optimization using non-dominated sorting in genetic algorithms},
  OPTbooktitle = 	 {},
  OPTcrossref =  {},
  OPTkey = 	 {},
  OPTeditor = 	 {},
  OPTvolume = 	 {},
  OPTnumber = 	 {},
  OPTseries = 	 {},
  year = 	 {1994},
  OPTorganization = {},
  OPTpublisher = {},
  OPTaddress = 	 {},
  OPTmonth = 	 {},
  OPTpages = 	 {},
  OPTnote = 	 {},
  OPTannote = 	 {}
}
@InProceedings{wbga,
  author = 	 {Hajela P and lin C-y},
  title = 	 { Genetic search strategies in multicriterion optimal design},
  OPTbooktitle = 	 {},
  OPTcrossref =  {},
  OPTkey = 	 {},
  OPTeditor = 	 {},
  OPTvolume = 	 {},
  OPTnumber = 	 {},
  OPTseries = 	 {},
  year = 	 {1992},
  OPTorganization = {},
  OPTpublisher = {},
  OPTaddress = 	 {},
  OPTmonth = 	 {},
  pages = 	 {99--107},
  OPTnote = 	 {},
  OPTannote = 	 {}
}
@InProceedings{rdga,
  author = 	 {Yen GG and Lu H},
  title = 	 {Rank-density-based multiobjective genetic algorithm and benchmark test function study},
  journal ="IEEE",
  OPTbooktitle = 	 {},
  OPTcrossref =  {},
  OPTkey = 	 {},
  OPTeditor = 	 {},
  OPTvolume = 	 {},
  OPTnumber = 	 {},
  OPTseries = 	 {},
  year = 	 {2003},
  OPTorganization = {},
  OPTpublisher = {},
  OPTaddress = 	 {},
  OPTmonth = 	 {},
  pages = 	 {325--343},
  OPTnote = 	 {},
  OPTannote = 	 {}
}
@InProceedings{spea,
  author = 	 {Zitzler E and Thiele L},
  title = 	 { Multiobjective evolutionary algorithms: a comparative case study and the strength pareto approach},
  journal = "IEEE",
  OPTbooktitle = 	 {},
  OPTcrossref =  {},
  OPTkey = 	 {},
  OPTeditor = 	 {},
  OPTvolume = 	 {},
  OPTnumber = 	 {},
  OPTseries = 	 {},
  year = 	 {1999},
  OPTorganization = {},
  OPTpublisher = {},
  OPTaddress = 	 {},
  OPTmonth = 	 {},
  pages = 	 {257--271},
  OPTnote = 	 {},
  OPTannote = 	 {}
}
@InProceedings{rwga,
  author = 	 {Murata T and Ishibuchi H},
  title = 	 {MOGA: multi-objective genetic algorithms.},
  journal = "IEEE",
  booktitle = 	 {Proc. of the 1995 IEEE international conference on evolutionary computation},
  OPTcrossref =  {},
  OPTkey = 	 {},
  OPTeditor = 	 {},
  OPTvolume = 	 {},
  OPTnumber = 	 {},
  OPTseries = 	 {},
  year = 	 {1995},
  OPTorganization = {},
  OPTpublisher = {},
  address = 	 {Perth,Australia},
  OPTmonth = 	 {},
  OPTpages = 	 {257--271},
  OPTnote = 	 {},
  OPTannote = 	 {}
}
@InProceedings{nsga2,
  author = 	 {Deb K and Agrawal S and Pratap A and Meyarivan T},
  title = 	 {A fast elitist non-dominated sorting genetic algorithm for multi-objective optimization: NSGA-II},
  
  booktitle = 	 {Proc. of 6th international conference on parallel problem solving on nature},
  OPTcrossref =  {},
  OPTkey = 	 {},
  OPTeditor = 	 {},
  OPTvolume = 	 {},
  OPTnumber = 	 {},
  OPTseries = 	 {},
  year = 	 {2000},
  OPTorganization = {},
  publisher = {Springer},
  address = 	 {Paris,France},
  month = 	 {September},
  OPTpages = 	 {257--271},
  OPTnote = 	 {},
  OPTannote = 	 {}
}



@Book{goosensa9,
  author = 	 {Michael Goosens and Frank Mittelbach and Alexander Samarin},
  title = 	 {{The \LaTeX\ Companion}},
  publisher = 	 {Addison-Wesley},
  year = 	 {1994},
  OPTkey = 	 {},
  OPTeditor = 	 {},
  OPTvolume = 	 {},
  OPTnumber = 	 {},
  OPTseries = 	 {},
  OPTaddress = 	 {},
  edition = 	 {2nd},
  month = 	 {May},
  OPTnote = 	 {},
  OPTannote = 	 {}
}

@article{broder2000graph,
  title={Graph structure in the web},
  author={Broder, Andrei and Kumar, Ravi and Maghoul, Farzin and Raghavan, Prabhakar and Rajagopalan, Sridhar and Stata, Raymie and Tomkins, Andrew and Wiener, Janet},
  journal={Computer networks},
  volume={33},
  number={1},
  pages={309--320},
  year={2000},
  publisher={Elsevier}
}
@book{wasserman1994social,
  title={Social network analysis: Methods and applications},
  author={Wasserman, Stanley},
  volume={8},
  year={1994},
  publisher={Cambridge university press}
}
@article{jeong2000large,
  title={The large-scale organization of metabolic networks},
  author={Jeong, Hawoong and Tombor, B{\'a}lint and Albert, R{\'e}ka and Oltvai, Zoltan N and Barab{\'a}si, A-L},
  journal={Nature},
  volume={407},
  number={6804},
  pages={651--654},
  year={2000},
  publisher={Nature Publishing Group}
}
@article{solomonoff1951connectivity,
  title={Connectivity of random nets},
  author={Solomonoff, Ray and Rapoport, Anatol},
  journal={The bulletin of mathematical biophysics},
  volume={13},
  number={2},
  pages={107--117},
  year={1951},
  publisher={Springer}
}
@article{erd6s1960evolution,
  title={On the evolution of random graphs},
  author={Erd6s, Paul and R{\'e}nyi, A},
  journal={Publ. Math. Inst. Hungar. Acad. Sci},
  volume={5},
  pages={17--61},
  year={1960}
}
@article{erdds1959random,
  title={On random graphs I.},
  author={ERDdS, P and R\&WI, A},
  journal={Publ. Math. Debrecen},
  volume={6},
  pages={290--297},
  year={1959}
}
@article{albert2000topology,
  title={Topology of evolving networks: local events and universality},
  author={Albert, R{\'e}ka and Barab{\'a}si, Albert-L{\'a}szl{\'o}},
  journal={Physical review letters},
  volume={85},
  number={24},
  pages={5234},
  year={2000},
  publisher={APS}
}
@article{newman2001structure,
  title={The structure of scientific collaboration networks},
  author={Newman, Mark EJ},
  journal={Proceedings of the National Academy of Sciences},
  volume={98},
  number={2},
  pages={404--409},
  year={2001},
  publisher={National Acad Sciences}
}
@book{watts1999small,
  title={Small worlds: the dynamics of networks between order and randomness},
  author={Watts, Duncan J},
  year={1999},
  publisher={Princeton university press}
}
@article{newman2002structure,
  title={The structure and function of networks},
  author={Newman, Mark EJ},
  journal={Computer Physics Communications},
  volume={147},
  number={1},
  pages={40--45},
  year={2002},
  publisher={Elsevier}
}
@article{amaral2000classes,
  title={Classes of small-world networks},
  author={Amaral, Lu{\i}s A Nunes and Scala, Antonio and Barth{\'e}l{\'e}my, Marc and Stanley, H Eugene},
  journal={Proceedings of the National Academy of Sciences},
  volume={97},
  number={21},
  pages={11149--11152},
  year={2000},
  publisher={National Acad Sciences}
}
@article{goh2001universal,
  title={Universal behavior of load distribution in scale-free networks},
  author={Goh, K-I and Kahng, B and Kim, D},
  journal={Physical Review Letters},
  volume={87},
  number={27},
  pages={278701},
  year={2001},
  publisher={APS}
}
@article{3161009,
author = {R. Diestel},
title = {{Graph Theory: Electronic Edition 2000}},
year = {2000},
masid = {3161009}
}
@article{coleman1983estimation,
  title={Estimation of sparse Jacobian matrices and graph coloring blems},
  author={Coleman, Thomas F and Mor{\'e}, Jorge J},
  journal={SIAM journal on Numerical Analysis},
  volume={20},
  number={1},
  pages={187--209},
  year={1983},
  publisher={SIAM}
}
@article{gaci2008proteins,
  title={Proteins: From Structural Classification to Amino Acid Interaction Networks.},
  author={Gaci, Omar and Balev, Stefan and others},
  journal={Proceedings of the BIOCOMP 08},
  volume={2},
  number={1},
  pages={728--734},
  year={2008}
}
@book{bonabeau1999swarm,
  title={Swarm intelligence: from natural to artificial systems},
  author={Bonabeau, Eric and Dorigo, Marco and Theraulaz, Guy},
  volume={4},
  year={1999},
  publisher={Oxford university press New York}
}
@article{bonabeau2000inspiration,
  title={Inspiration for optimization from social insect behaviour},
  author={Bonabeau, Eric and Dorigo, Marco and Theraulaz, Guy},
  journal={Nature},
  volume={406},
  number={6791},
  pages={39--42},
  year={2000},
  publisher={Nature Publishing Group}
}
@article{handl2006ant,
  title={Ant-based clustering and topographic mapping},
  author={Handl, Julia and Knowles, Joshua and Dorigo, Marco},
  journal={Artificial Life},
  volume={12},
  number={1},
  pages={35--62},
  year={2006},
  publisher={MIT Press}
}
@article{campos2000dynamic,
  title={Dynamic scheduling and division of labor in social insects},
  author={Campos, Mike and Bonabeau, Eric and Theraulaz, Guy and Deneubourg, Jean-Louis},
  journal={Adaptive Behavior},
  volume={8},
  number={2},
  pages={83--95},
  year={2000},
  publisher={SAGE Publications}
}
@incollection{kennedy2010particle,
  title={Particle swarm optimization},
  author={Kennedy, James},
  booktitle={Encyclopedia of Machine Learning},
  pages={760--766},
  year={2010},
  publisher={Springer}
}

@article{dorigo1992optimization,
  title={Optimization, learning and natural algorithms},
  author={Dorigo, Marco},
  journal={Ph. D. Thesis, Politecnico di Milano, Italy},
  year={1992}
}
@article{dorigo1991positive,
  title={Positive feedback as a search strategy},
  author={Dorigo, Marco and Maniezzo, Vittorio and Colorni, Alberto and Maniezzo, Vittorio},
  year={1991},
  publisher={Citeseer}
}
@article{dorigo1996ant,
  title={Ant system: optimization by a colony of cooperating agents},
  author={Dorigo, Marco and Maniezzo, Vittorio and Colorni, Alberto},
  journal={Systems, Man, and Cybernetics, Part B: Cybernetics, IEEE Transactions on},
  volume={26},
  number={1},
  pages={29--41},
  year={1996},
  publisher={IEEE}
}
@article{deneubourg1990self,
  title={The self-organizing exploratory pattern of the argentine ant},
  author={Deneubourg, J-L and Aron, Serge and Goss, Simon and Pasteels, Jacques Marie},
  journal={Journal of insect behavior},
  volume={3},
  number={2},
  pages={159--168},
  year={1990},
  publisher={Springer}
}
@article{blum2005ant,
  title={Ant colony optimization: Introduction and recent trends},
  author={Blum, Christian},
  journal={Physics of Life reviews},
  volume={2},
  number={4},
  pages={353--373},
  year={2005},
  publisher={Elsevier}
}
@article{gaci2010build,
  title={Building a topological inference exploiting qualitative criteria},
  author={Gaci, Omar},
  journal={Evolutionary Bioinformatics},
  year={2010},
}
@book{branden1991introduction,
  title={Introduction to protein structure},
  author={Branden, Carl and Tooze, John and others},
  volume={2},
  year={1991},
  publisher={Garland New York}
}
